@inproceedings{li2010action,
  title={Action recognition based on a bag of 3d points},
  author={Li, Wanqing and Zhang, Zhengyou and Liu, Zicheng},
  booktitle={Computer Vision and Pattern Recognition Workshops (CVPRW), 2010 IEEE Computer Society Conference on},
  pages={9--14},
  year={2010},
  organization={IEEE}
}

@inproceedings{wang2012mining,
  title={Mining actionlet ensemble for action recognition with depth cameras},
  author={Wang, Jiang and Liu, Zicheng and Wu, Ying and Yuan, Junsong},
  booktitle={Computer Vision and Pattern Recognition (CVPR), 2012 IEEE Conference on},
  pages={1290--1297},
  year={2012},
  organization={IEEE}
}

@article{turaga2008machine,
  title={Machine recognition of human activities: A survey},
  author={Turaga, Pavan and Chellappa, Rama and Subrahmanian, Venkatramana S and Udrea, Octavian},
  journal={Circuits and Systems for Video Technology, IEEE Transactions on},
  volume={18},
  number={11},
  pages={1473--1488},
  year={2008},
  publisher={IEEE}
}

@inproceedings{yang2012eigenjoints,
  title={Eigenjoints-based action recognition using naive-bayes-nearest-neighbor},
  author={Yang, Xiaodong and Tian, YingLi},
  booktitle={Computer Vision and Pattern Recognition Workshops (CVPRW), 2012 IEEE Computer Society Conference on},
  pages={14--19},
  year={2012},
  organization={IEEE}
}

@inproceedings{xia2012view,
  title={View invariant human action recognition using histograms of 3d joints},
  author={Xia, Lu and Chen, Chia-Chih and Aggarwal, JK},
  booktitle={Computer Vision and Pattern Recognition Workshops (CVPRW), 2012 IEEE Computer Society Conference on},
  pages={20--27},
  year={2012},
  organization={IEEE}
}

@article{sung2011human,
  title={Human Activity Detection from RGBD Images.},
  author={Sung, Jaeyong and Ponce, Colin and Selman, Bart and Saxena, Ashutosh},
  journal={Plan, Activity, and Intent Recognition},
  volume={11},
  pages={16},
  year={2011}
}

@inproceedings{yang2012recognizing,
  title={Recognizing actions using depth motion maps-based histograms of oriented gradients},
  author={Yang, Xiaodong and Zhang, Chenyang and Tian, YingLi},
  booktitle={Proceedings of the 20th ACM international conference on Multimedia},
  pages={1057--1060},
  year={2012},
  organization={ACM}
}

@inproceedings{snoek2005early,
  title={Early versus late fusion in semantic video analysis},
  author={Snoek, Cees GM and Worring, Marcel and Smeulders, Arnold WM},
  booktitle={Proceedings of the 13th annual ACM international conference on Multimedia},
  pages={399--402},
  year={2005},
  organization={ACM}
}

@inproceedings{xia2013spatio,
  title={Spatio-temporal depth cuboid similarity feature for activity recognition using depth camera},
  author={Xia, Lu and Aggarwal, JK},
  booktitle={Computer Vision and Pattern Recognition (CVPR), 2013 IEEE Conference on},
  pages={2834--2841},
  year={2013},
  organization={IEEE}
}

@article{foix2011lock,
  title={Lock-in time-of-flight (ToF) cameras: a survey},
  author={Foix, Sergi and Alenya, Guillem and Torras, Carme},
  journal={Sensors Journal, IEEE},
  volume={11},
  number={9},
  pages={1917--1926},
  year={2011},
  publisher={IEEE}
}

@inproceedings{wang2011densetraj,
  author = {Heng Wang and Alexander Kl{\"a}ser and Cordelia Schmid and Cheng-Lin Liu},
  title = {{Action Recognition by Dense Trajectories}},
  booktitle = {IEEE Conference on Computer Vision \& Pattern Recognition},
  year = {2011},
  month = Jun,
  pages = {3169-3176},
  address = {Colorado Springs, United States},
  url = {http://hal.inria.fr/inria-00583818/en}
}

@article{laptev2005space,
  title={On space-time interest points},
  author={Laptev, Ivan},
  journal={International Journal of Computer Vision},
  volume={64},
  number={2-3},
  pages={107--123},
  year={2005},
  publisher={Springer}
}

@inproceedings{laptev2008learning,
  title={Learning realistic human actions from movies},
  author={Laptev, Ivan and Marszalek, Marcin and Schmid, Cordelia and Rozenfeld, Benjamin},
  booktitle={Computer Vision and Pattern Recognition, 2008. CVPR 2008. IEEE Conference on},
  pages={1--8},
  year={2008},
  organization={IEEE}
}

@inproceedings{dollar2005behavior,
  title={Behavior recognition via sparse spatio-temporal features},
  author={Doll{\'a}r, Piotr and Rabaud, Vincent and Cottrell, Garrison and Belongie, Serge},
  booktitle={Visual Surveillance and Performance Evaluation of Tracking and Surveillance, 2005. 2nd Joint IEEE International Workshop on},
  pages={65--72},
  year={2005},
  organization={IEEE}
}

@inproceedings{bregonzio2009recognising,
  title={Recognising action as clouds of space-time interest points},
  author={Bregonzio, Matteo and Gong, Shaogang and Xiang, Tao},
  booktitle={Computer Vision and Pattern Recognition, 2009. CVPR 2009. IEEE Conference on},
  pages={1948--1955},
  year={2009},
  organization={IEEE}
}

@inproceedings{klaser2008aspatiotemporal,
    author = {Alexander Kläser and Marcin Marszałek and Cordelia Schmid},
    title = {A spatio-temporal descriptor based on 3d-gradients},
    booktitle = {Proceedings of the British Machine Vision Conference (BMVC’08), Leeds, United Kingdom, September 2008},
    pages={995--1004},
    year = {2008}
}

@incollection{willems2008efficient,
  title={An efficient dense and scale-invariant spatio-temporal interest point detector},
  author={Willems, Geert and Tuytelaars, Tinne and Van Gool, Luc},
  booktitle={Computer Vision--ECCV 2008},
  pages={650--663},
  year={2008},
  publisher={Springer}
}

@inproceedings{schuldt2004recognizing,
  title={Recognizing human actions: a local SVM approach},
  author={Schuldt, Christian and Laptev, Ivan and Caputo, Barbara},
  booktitle={Pattern Recognition, 2004. ICPR 2004. Proceedings of the 17th International Conference on},
  volume={3},
  pages={32--36},
  year={2004},
  organization={IEEE}
}

@inproceedings{scovanner2007a3dsift,
  title={A 3-dimensional sift descriptor and its application to action recognition},
  author={Scovanner, Paul and Ali, Saad and Shah, Mubarak},
  booktitle={Proceedings of the 15th international conference on Multimedia},
  pages={357--360},
  year={2007},
  organization={ACM}
}

@inproceedings{yeffet2009localtrinarypatterns,
  title={Local trinary patterns for human action recognition},
  author={Yeffet, Lahav and Wolf, Lior},
  booktitle={Computer Vision, 2009 IEEE 12th International Conference on},
  pages={492--497},
  year={2009},
  organization={IEEE}
}

@article{barron1994performanceofopticalflow,
  title={Performance of optical flow techniques},
  author={Barron, John L and Fleet, David J and Beauchemin, Steven S},
  journal={International journal of computer vision},
  volume={12},
  number={1},
  pages={43--77},
  year={1994},
  publisher={Springer}
}

@inproceedings{matikainen2009trajectons,
  title={Trajectons: Action recognition through the motion analysis of tracked features},
  author={Matikainen, Pyry and Hebert, Martial and Sukthankar, Rahul},
  booktitle={Computer Vision Workshops (ICCV Workshops), 2009 IEEE 12th International Conference on},
  pages={514--521},
  year={2009},
  organization={IEEE}
}

@inproceedings{messing2009activity,
  title={Activity recognition using the velocity histories of tracked keypoints},
  author={Messing, Ross and Pal, Chris and Kautz, Henry},
  booktitle={Computer Vision, 2009 IEEE 12th International Conference on},
  pages={104--111},
  year={2009},
  organization={IEEE}
}

@inproceedings{sun2009hierarchical,
  title={Hierarchical spatio-temporal context modeling for action recognition},
  author={Sun, Ju and Wu, Xiao and Yan, Shuicheng and Cheong, Loong-Fah and Chua, T-S and Li, Jintao},
  booktitle={Computer Vision and Pattern Recognition, 2009. CVPR 2009. IEEE Conference on},
  pages={2004--2011},
  year={2009},
  organization={IEEE}
}

@inproceedings{yamato1992recognizing,
  title={Recognizing human action in time-sequential images using hidden markov model},
  author={Yamato, Junji and Ohya, Jun and Ishii, Kenichiro},
  booktitle={Computer Vision and Pattern Recognition, 1992. Proceedings CVPR'92., 1992 IEEE Computer Society Conference on},
  pages={379--385},
  year={1992},
  organization={IEEE}
}

@inproceedings{lv2007single,
  title={Single view human action recognition using key pose matching and viterbi path searching},
  author={Lv, Fengjun and Nevatia, Ramakant},
  booktitle={Computer Vision and Pattern Recognition, 2007. CVPR'07. IEEE Conference on},
  pages={1--8},
  year={2007},
  organization={IEEE}
}

@inproceedings{dalal2005histograms,
  title={Histograms of oriented gradients for human detection},
  author={Dalal, Navneet and Triggs, Bill},
  booktitle={Computer Vision and Pattern Recognition, 2005. CVPR 2005. IEEE Computer Society Conference on},
  volume={1},
  pages={886--893},
  year={2005},
  organization={IEEE}
}

@article{shotton2013real,
  title={Real-time human pose recognition in parts from single depth images},
  author={Shotton, Jamie and Sharp, Toby and Kipman, Alex and Fitzgibbon, Andrew and Finocchio, Mark and Blake, Andrew and Cook, Mat and Moore, Richard},
  journal={Communications of the ACM},
  volume={56},
  number={1},
  pages={116--124},
  year={2013},
  publisher={ACM}
}

@inproceedings{xia2011human,
  title={Human detection using depth information by kinect},
  author={Xia, Lu and Chen, Chia-Chih and Aggarwal, JK},
  booktitle={Computer Vision and Pattern Recognition Workshops (CVPRW), 2011 IEEE Computer Society Conference on},
  pages={15--22},
  year={2011},
  organization={IEEE}
}

@inproceedings{oreifej2013hon4d,
  title={Hon4d: Histogram of oriented 4d normals for activity recognition from depth sequences},
  author={Oreifej, Omar and Liu, Zicheng},
  booktitle={Computer Vision and Pattern Recognition (CVPR), 2013 IEEE Conference on},
  pages={716--723},
  year={2013},
  organization={IEEE}
}

@incollection{wang2012robust,
  title={Robust 3d action recognition with random occupancy patterns},
  author={Wang, Jiang and Liu, Zicheng and Chorowski, Jan and Chen, Zhuoyuan and Wu, Ying},
  booktitle={Computer Vision--ECCV 2012},
  pages={872--885},
  year={2012},
  publisher={Springer}
}

@incollection{vieira2012stop,
  title={Stop: Space-time occupancy patterns for 3d action recognition from depth map sequences},
  author={Vieira, Antonio W and Nascimento, Erickson R and Oliveira, Gabriel L and Liu, Zicheng and Campos, Mario FM},
  booktitle={Progress in Pattern Recognition, Image Analysis, Computer Vision, and Applications},
  pages={252--259},
  year={2012},
  publisher={Springer}
}

@inproceedings{dalal2005histograms,
  title={Histograms of oriented gradients for human detection},
  author={Dalal, Navneet and Triggs, Bill},
  booktitle={Computer Vision and Pattern Recognition, 2005. CVPR 2005. IEEE Computer Society Conference on},
  volume={1},
  pages={886--893},
  year={2005},
  organization={IEEE}
}

@incollection{dalal2006human,
  title={Human detection using oriented histograms of flow and appearance},
  author={Dalal, Navneet and Triggs, Bill and Schmid, Cordelia},
  booktitle={Computer Vision--ECCV 2006},
  pages={428--441},
  year={2006},
  publisher={Springer}
}

@inproceedings{wang2009evaluation,
  title={Evaluation of local spatio-temporal features for action recognition},
  author={Wang, Heng and Ullah, Muhammad Muneeb and Klaser, Alexander and Laptev, Ivan and Schmid, Cordelia and others},
  booktitle={BMVC 2009-British Machine Vision Conference},
  year={2009}
}

@inproceedings{liu2009recognizing,
  title={Recognizing realistic actions from videos “in the wild”},
  author={Liu, Jingen and Luo, Jiebo and Shah, Mubarak},
  booktitle={Computer Vision and Pattern Recognition, 2009. CVPR 2009. IEEE Conference on},
  pages={1996--2003},
  year={2009},
  organization={IEEE}
}

@incollection{farneback2003two,
  title={Two-frame motion estimation based on polynomial expansion},
  author={Farneb{\"a}ck, Gunnar},
  booktitle={Image Analysis},
  pages={363--370},
  year={2003},
  publisher={Springer}
}
